3284 5048
718 515 940 578 „34-

290 694 423 779 quidem
439 693 536 757 etiam
553 692 593 756 de
608 691 823 777 Apolloniana
839 691 970 757 fabulae
986 693 1202 778 descriptione
1218 695 1358 759 certiora

278 801 450 887 quaedam
473 824 570 888 quam
593 812 689 866 antea
712 811 853 865 statuere
875 800 995 866 licebit.

376 927 492 1014 Neque
516 949 713 1014 quemquam
736 925 867 1012 fugerit,
891 925 967 989 huic
982 927 1045 1011 ipsi
1060 927 1212 990 carminis
1227 927 1357 1012 Apollo-

288 1036 378 1099 niani
400 1036 487 1120 parti
509 1035 613 1099 inesse
634 1033 784 1120 plurima,
809 1031 927 1119 quibus
944 1032 1153 1099 offendamur.
1192 1033 1358 1098 Permulta

288 1142 376 1206 enim
404 1163 528 1222 eorum,
557 1164 641 1227 quae
670 1140 723 1204 hic
752 1151 883 1205 enarrat
910 1151 1021 1225 poeta,
1050 1163 1124 1205 cum
1152 1141 1233 1205 miro
1262 1141 1356 1205 modo

287 1249 371 1312 inter
394 1271 427 1312 se
451 1248 623 1312 coniuncta
646 1257 721 1311 sunt
743 1261 813 1312 tum
835 1246 905 1312 fere
929 1246 1051 1312 nullam
1075 1250 1204 1313 omnino
1227 1271 1306 1334 prae
1322 1271 1356 1313 se

287 1355 396 1419 ferunt
418 1353 657 1440 probabilitatis
673 1354 822 1439 speciem.
870 1345 963 1435 Quae
979 1357 1164 1419 accuratius
1179 1356 1355 1441 explanare

290 1461 331 1528 G.
360 1462 586 1546 Knaaekius1)
610 1461 812 1547 potissimum
837 1483 932 1525 ausus
957 1472 1019 1544 est,
1050 1462 1141 1526 cuius
1165 1472 1275 1527 tamen
1299 1486 1354 1528 ex-

289 1570 463 1655 positiones
497 1568 707 1633 multifariam
741 1567 795 1632 vel
827 1568 1037 1654 corrigendas
1074 1568 1128 1634 vel
1161 1569 1355 1655 supplendas

291 1699 361 1740 esse
386 1674 537 1761 equidem
560 1676 719 1739 existimo.

280 1822 281 1826 =
376 1783 489 1868 Longe
516 1796 625 1846 autem
652 1783 814 1845 maximus
843 1780 971 1846 illarum
1001 1783 1172 1848 turbarum
1203 1807 1356 1849 numerus

286 1913 360 1955 mea
376 1891 537 1955 sententia
552 1889 627 1952 inde
644 1888 858 1974 explicandus
878 1899 934 1971 est,
953 1891 1039 1976 quod
1055 1901 1150 1976 poeta
1166 1902 1197 1955 et
1213 1891 1355 1956 Hercule

288 2007 320 2062 et
341 1995 541 2082 Polyphemo
565 2018 639 2061 cum
662 1995 769 2082 Hylae
797 1995 908 2061 fabula
932 1999 1112 2063 coniunctis
1135 2000 1355 2063 narrationem

286 2103 471 2190 gemellam,
501 2115 537 2167 ut
563 2105 609 2168 ita
638 2104 760 2184 dicam,
791 2105 943 2168 instituit.
991 2103 1087 2184 Quod
1115 2115 1150 2168 ut
1173 2108 1355 2170 accuratius

286 2210 505 2296 intellegatur,
537 2233 643 2296 pauca
674 2210 714 2274 de
742 2210 849 2296 Hylae
879 2209 990 2274 fabula
1021 2213 1154 2296 eiusque
1182 2234 1355 2297 progressu

285 2339 419 2382 necesse
444 2319 506 2381 erit
528 2317 768 2382 adumbremus.

377 2443 427 2506 Ac
452 2443 539 2529 quod
555 2440 700 2526 Scaliger
715 2444 750 2506 in
765 2442 987 2507 Roscheriano
1010 2442 1075 2508 lex.
1093 2445 1110 2508 I
1126 2447 1167 2511 27
1171 2447 1215 2510 94
1239 2456 1271 2509 et
1286 2445 1355 2510 Wi-

287 2548 447 2613 lamowitz
479 2549 499 2612 1.
528 2548 548 2613 l.
580 2551 801 2632 coniecerunt,
834 2551 1020 2635 nuperrime
1053 2551 1245 2616 Knaackius
1278 2550 1310 2633 (l.
1335 2551 1353 2615 l.

279 2674 316 2743 p.
336 2657 401 2724 874
417 2656 502 2742 sqq.)
526 2667 681 2719 accurata
705 2656 922 2741 disputatione
939 2658 1172 2743 comprobavit,
1195 2658 1354 2744 Polyphe-

286 2786 375 2826 mum
399 2763 530 2840 scilicet,
554 2785 618 2826 non
635 2762 813 2827 Herculem
836 2764 929 2827 initio
954 2763 1062 2849 Hylae
1086 2775 1264 2829 amatorem
1289 2787 1357 2828 esse

286 2870 497 2956 perhibitum3
518 2869 682 2934 Heraclea
704 2869 835 2934 demum
855 2869 936 2934 urbe
957 2871 1088 2935 condita
1103 2871 1192 2936 illam
1208 2870 1248 2936 de
1263 2871 1357 2956 Poly·

286 2977 401 3062 phemo
430 2978 618 3041 memoriam
645 2979 692 3041 ita
720 2978 871 3042 Herculis
903 2978 1006 3063 gloria
1035 3002 1105 3045 esse
1138 2978 1357 3063 obscuratam,

286 3096 323 3148 ut
346 3084 400 3148 hic
422 3086 488 3148 iam
510 3107 569 3171 pro
592 3084 646 3149 illo
670 3087 764 3170 pueri
787 3101 910 3149 amator
933 3085 1034 3151 fieret.

376 3209 465 3290 Quas
485 3209 566 3273 duas
585 3209 712 3273 fabulas
733 3221 769 3273 ut
799 3221 874 3295 apte
900 3220 1084 3274 conecteret
1106 3232 1209 3294 usque
1234 3232 1271 3274 eo
1292 3232 1357 3273 non

287 3317 422 3400 contigit
441 3315 622 3402 Apollonio,
646 3327 683 3380 ut
706 3316 804 3380 totius
827 3315 1022 3380 narrationis
1045 3317 1096 3381 vis
1120 3338 1158 3380 ac
1183 3328 1356 3381 contextus

290 3422 491 3508 aliquantum
514 3433 713 3488 attereretur.

375 3547 425 3612 Ac
448 3549 622 3634 praecipue
645 3549 743 3612 miras
767 3548 923 3634 quasdam
938 3558 1048 3633 partes
1064 3551 1244 3634 assignavit
1260 3549 1354 3635 Poly·

285 3655 401 3741 phemo
417 3655 514 3719 heroi,
558 3653 654 3734 Quod
669 3665 705 3719 ut
722 3656 905 3718 accuratius
923 3655 1151 3738 demonstrem,
1175 3679 1214 3720 ea
1230 3667 1356 3721 tantum

285 3760 413 3846 eligam,
437 3784 520 3847 quae
539 3761 731 3825 Knaackius
755 3761 844 3843 alii-'y
869 3761 923 3827 vel
945 3761 1051 3826 minus
1076 3765 1287 3847 cognoverint
1305 3762 1358 3827 vel

375 3977 401 4043 1)
421 3973 462 4029 Cf.
484 3977 600 4045 praeter
622 3974 717 4029 locum
741 3973 893 4028 laudatum
917 3990 993 4045 quae
1017 3979 1103 4028 antea
1125 3975 1294 4046 exposuerit
1312 3973 1355 4028 vir

285 4062 390 4118 doctus
408 4064 439 4117 In
455 4057 599 4118 ‘Hermae’
619 4062 685 4117 voll.
704 4060 801 4116 XVIII
819 4079 847 4133 p.
867 4065 901 4118 29
922 4080 965 4134 sq.
985 4068 1015 4118 et
1033 4062 1131 4118 XXIII
1150 4080 1179 4134 p.
1199 4066 1258 4118 137.

374 4155 401 4221 2)
421 4153 463 4210 cf.
491 4170 516 4207 e.
544 4169 571 4223 g.
591 4168 666 4223 quae
693 4151 724 4206 R.
745 4151 909 4207 Volkmann
934 4153 951 4212 l.
981 4153 998 4207 1.
1026 4170 1055 4222 p.
1075 4156 1091 4208 6
1115 4159 1220 4225 poetae
1238 4152 1351 4209 Rhodio

285 4240 431 4300 obiecerIt.
