3284 5048
719 535 937 598 ...12-

289 711 485 792 continetur,
514 709 612 775 rebus
640 709 854 795 depingendis
883 709 985 773 multa
1011 732 1147 775 novasse
1172 710 1358 796 Groegerus

286 829 376 885 recte
399 841 429 904 p.
448 821 466 884 8
491 841 538 904 sq.
563 819 724 902 exposuit.

375 926 445 989 lam
477 924 646 989 videamus
684 946 780 1010 quem
816 922 1006 1009 Apollonius
1043 923 1149 989 locum
1182 934 1292 990 teneat
1323 926 1359 988 in

288 1031 417 1097 fabulae
440 1033 606 1096 memoria.

378 1139 474 1221 Quod
495 1138 680 1222 Groegerus
704 1138 816 1202 statuit
839 1137 895 1201 illa
919 1160 1002 1224 quae
1024 1137 1228 1224 Pherecydes
1248 1161 1357 1203 narra-

206 1293 212 1302 -
287 1248 372 1312 verit
396 1246 510 1310 eadem
533 1245 602 1309 fere
627 1255 727 1331 atque
750 1245 866 1309 iisdem
888 1266 989 1330 paene
1010 1243 1119 1309 verbis
1139 1245 1246 1309 redire
1269 1246 1357 1330 apud

286 1353 448 1420 Rhodium
468 1362 609 1438 poetam,
633 1351 764 1437 probari
781 1353 900 1438 nequit.
940 1353 1040 1416 Hunc
1057 1362 1165 1416 autem
1182 1352 1245 1416 alia
1261 1363 1358 1438 atque

287 1459 510 1546 Pherecydem
537 1458 639 1524 verba
666 1481 840 1544 usurpasse
867 1458 921 1522 vel
948 1470 1123 1544 propterea
1151 1459 1356 1523 manifestum

205 1588 208 1594 ·
287 1577 343 1650 est,
369 1567 455 1654 quod
478 1578 515 1632 ut
537 1577 635 1652 poeta
658 1567 754 1630 metri
776 1568 848 1652 ipsa
864 1568 1055 1631 necessitate
1073 1567 1200 1652 saepius
1217 1589 1254 1631 eo
1272 1589 1357 1631 com·
1457 1553 1460 1558 ¹

286 1673 396 1762 pulsus
424 1684 486 1749 est,
514 1683 550 1737 ut
578 1673 641 1738 alia
670 1676 796 1738 ratione
824 1684 970 1738 uteretur
997 1675 1031 1738 in
1055 1673 1165 1738 verbis
1190 1673 1356 1758 eligendis.

375 1780 440 1847 Sed
458 1781 537 1866 ipsis
558 1782 656 1844 etiam
677 1779 775 1845 rebus
792 1780 1001 1866 Apollonium
1021 1804 1041 1844 a
1057 1779 1248 1867 Pherecyde
1269 1780 1356 1845 haud

285 1888 402 1955 leviter
425 1888 555 1952 differre
583 1897 729 1973 apparet.
775 1888 1011 1973 Praeterquam
1035 1890 1137 1970 enim,
1166 1887 1252 1974 quod
1279 1910 1357 1951 non·

285 1995 386 2086 nulla,
421 2018 504 2082 quae
533 1995 738 2081 Pherecydes
772 1996 983 2077 disseruerat,
1017 1996 1146 2060 omnino
1176 1995 1292 2059 desunt
1322 1995 1358 2058 in

286 2103 434 2168 versibus
449 2101 673 2187 Apollonianis
691 2141 731 2149 -
749 2101 849 2166 veluti
871 2112 959 2166 tacet
974 2101 1130 2183 Rhodius,
1151 2124 1234 2187 quae
1251 2100 1357 2165 Pelias

285 2231 328 2274 ex
350 2211 465 2274 Iasone
490 2209 689 2294 quaesiverit
713 2230 860 2294 quaeque
887 2209 1077 2274 adulescens
1101 2211 1132 2273 ei
1155 2208 1359 2294 responderit

286 2355 329 2366 -
353 2319 450 2380 etiam
474 2315 553 2380 alias
575 2338 627 2380 res
650 2325 778 2401 poetam
799 2315 900 2380 multo
916 2316 1010 2381 aliter
1027 2326 1123 2402 atque
1140 2315 1358 2401 genealogum

287 2422 477 2510 explanasse
501 2424 716 2507 cognoscitur.

373 2529 484 2616 Atque
514 2530 656 2615 primum
689 2529 821 2616 quidem
852 2529 1043 2616 Apollonius
1073 2555 1103 2597 v.
1134 2533 1172 2596 11
1204 2531 1358 2596 Jasonem
1455 2555 1456 2559 ¹

286 2637 421 2702 alterum
451 2637 588 2703 πέδιλον
616 2638 650 2699 in
674 2637 808 2702 Anauro
836 2638 935 2701 fluvio
959 2639 1162 2701 amittentem
1170 2640 1194 2720 1)
1223 2638 1357 2718 inducit,

287 2767 361 2809 cum
381 2742 586 2828 Pherecydes
608 2745 811 2808 enarraverit
836 2743 1074 2808 adulescentem
1101 2745 1195 2808 nudis
1219 2744 1357 2829 pedibus

285 2852 405 2915 flumen
437 2861 673 2935 transgressum
706 2851 872 2915 sinistrum
906 2851 1050 2915 calceum
1086 2850 1251 2936 subligare
1288 2873 1357 2914 esse

286 2958 430 3023 oblitum.
485 2959 601 3044 Neque
636 2957 768 3023 difficile
806 2968 854 3022 est
887 2958 1082 3039 diiudicare,
1120 2968 1194 3022 utra
1227 2957 1358 3022 fabulae

285 3064 389 3130 forma
412 3066 570 3130 maiorem
592 3087 670 3151 prae
694 3088 727 3128 se
751 3064 833 3129 ferat
857 3067 999 3150 speciem
1023 3065 1268 3151 probabilitatis.

374 3172 501 3236 Deinde
529 3182 637 3235 autem
663 3170 743 3235 illud
771 3182 886 3257 poetae
914 3173 1080 3257 proprium
1109 3181 1170 3254 est,
1200 3172 1286 3258 quod
1316 3172 1356 3236 de

286 3281 384 3343 sacris
418 3302 437 3342 a
469 3279 558 3342 Pelia
593 3278 687 3342 factis
721 3278 878 3363 perhibet.
924 3278 1034 3364 Atque
1066 3278 1194 3364 vulgari
1226 3279 1356 3364 quidem

285 3385 395 3451 fabula
411 3385 463 3470 (cf.
480 3384 614 3450 Pherec.
634 3395 665 3449 et
680 3383 843 3471 Apollod.)
882 3387 1034 3470 Neptuno
1059 3386 1218 3450 sacrificia
1242 3409 1260 3449 a
1280 3408 1357 3472 rege

286 3493 372 3558 facta
395 3515 464 3557 esse
488 3493 722 3577 cognoscimus.
767 3493 868 3557 Poeta
895 3516 971 3558 vero
994 3503 1105 3557 narrat
1128 3493 1253 3558 Peliam
1276 3493 1356 3558 alios

287 3622 413 3687 quoque
437 3601 514 3665 deos
539 3600 638 3664 sacris
664 3599 799 3663 coluisse
824 3610 855 3665 et
880 3599 1007 3664 disertis
1023 3599 1132 3664 verbis
1153 3600 1244 3664 addit
1258 3601 1353 3665 luno·

285 3730 358 3771 nem
387 3707 589 3792 Pelasgicam
622 3704 662 3769 ab
695 3705 749 3770 illo
782 3728 851 3771 esse
885 3707 1077 3792 neglectam.
1124 3707 1219 3787 Quod
1252 3706 1356 3772 elucet

287 3837 325 3879 eo
349 3813 479 3878 consilio
504 3814 545 3878 ab
562 3813 733 3899 Apollonio
754 3823 910 3878 novatum
926 3837 1006 3896 esse,
1031 3824 1067 3878 ut
1082 3815 1264 3879 notissimas
1284 3815 1355 3879 illas

286 3921 368 3985 inter
401 3920 525 3984 Peliam
564 3931 596 3985 et
629 3921 788 3984 Iunonem
822 3922 1023 4003 inimicitias,
1059 3945 1197 4008 quarum
1231 3923 1355 4009 primus

376 4080 402 4149 1)
420 4079 515 4135 Huius
533 4079 649 4134 fabulae
665 4079 789 4134 formam
802 4079 860 4134 iam
873 4084 975 4136 auctor
994 4080 1095 4136 scholii
1112 4081 1195 4137 Pind.
1208 4080 1293 4152 Pyth.
1307 4079 1354 4143 IV,

286 4169 337 4223 133
356 4169 498 4240 adscripti
510 4168 711 4239 Pherecydeae
729 4168 888 4223 narrationi
901 4170 1042 4240 opposuit
1061 4173 1149 4241 atque
1162 4170 1260 4240 ipsum
1273 4168 1355 4222 illum

285 4258 433 4330 Apollonii
451 4258 547 4314 locum
566 4258 693 4331 exempli
711 4274 800 4313 causa
818 4258 949 4329 protulit.
