<?xml version="1.0" encoding="UTF-8"?>
<!DOCTYPE html PUBLIC "-//W3C//DTD XHTML 1.0 Transitional//EN"
    "http://www.w3.org/TR/xhtml1/DTD/xhtml1-transitional.dtd">
<html xmlns="http://www.w3.org/1999/xhtml" xml:lang="en" lang="en">
 <head>
  <title>
</title>
<meta http-equiv="Content-Type" content="text/html;charset=utf-8" />
  <meta name='ocr-system' content='tesseract 3.04.00' />
  <meta name='ocr-capabilities' content='ocr_page ocr_carea ocr_par ocr_line ocrx_word'/>
</head>
<body>
  <div class='ocr_page' id='page_1' title='image "./deapolloniirhod00knorgoog_0021.png"; bbox 0 0 3284 5048; ppageno 0'>
   <div class='ocr_carea' id='block_1_1' title="bbox 743 566 964 629">
    <p class='ocr_par' dir='ltr' id='par_1_1' title="bbox 743 566 964 629">
     <span class='ocr_line' id='line_1_1' title="bbox 743 566 964 629; baseline 0.005 -19"><span class='ocrx_word' id='word_1_1' title='bbox 743 566 964 629; x_wconf 68' lang='lat'>-14-</span> 
     </span>
    </p>
   </div>
   <div class='ocr_carea' id='block_1_2' title="bbox 317 740 1411 4358">
    <p class='ocr_par' dir='ltr' id='par_1_2' title="bbox 317 740 1387 915">
     <span class='ocr_line' id='line_1_2' title="bbox 317 740 1387 829; baseline -0.002 -21"><span class='ocrx_word' id='word_1_2' title='bbox 317 743 467 829; x_wconf 79' lang='lat' dir='ltr'>gessisse,</span> <span class='ocrx_word' id='word_1_3' title='bbox 502 751 538 806; x_wconf 90' lang='lat' dir='ltr'>ut</span> <span class='ocrx_word' id='word_1_4' title='bbox 569 741 686 806; x_wconf 81' lang='lat' dir='ltr'>Medea</span> <span class='ocrx_word' id='word_1_5' title='bbox 715 740 839 806; x_wconf 89' lang='lat' dir='ltr'>lolcum</span> <span class='ocrx_word' id='word_1_6' title='bbox 877 742 1004 807; x_wconf 92' lang='lat' dir='ltr'>veniret</span> <span class='ocrx_word' id='word_1_7' title='bbox 1037 751 1176 827; x_wconf 84' lang='lat' dir='ltr'><strong>tyranno</strong></span> <span class='ocrx_word' id='word_1_8' title='bbox 1210 743 1387 829; x_wconf 90' lang='lat' dir='ltr'>perniciem</span> 
     </span>
     <span class='ocr_line' id='line_1_3' title="bbox 319 849 464 915; baseline -0.014 0"><span class='ocrx_word' id='word_1_9' title='bbox 319 849 464 915; x_wconf 90' lang='lat' dir='ltr'>allatura.</span> 
     </span>
    </p>

    <p class='ocr_par' dir='ltr' id='par_1_3' title="bbox 317 943 1389 1367">
     <span class='ocr_line' id='line_1_4' title="bbox 405 943 1389 1043; baseline 0 -23"><span class='ocrx_word' id='word_1_10' title='bbox 405 957 460 1021; x_wconf 83' lang='lat' dir='ltr'>Ex</span> <span class='ocrx_word' id='word_1_11' title='bbox 476 957 524 1022; x_wconf 92' lang='lat' dir='ltr'>his</span> <span class='ocrx_word' id='word_1_12' title='bbox 540 943 658 1037; x_wconf 85' lang='lat' dir='ltr'>autem,</span> <span class='ocrx_word' id='word_1_13' title='bbox 676 979 760 1043; x_wconf 92' lang='lat' dir='ltr'>quae</span> <span class='ocrx_word' id='word_1_14' title='bbox 772 955 979 1042; x_wconf 80' lang='lat' dir='ltr'>Pherecydes</span> <span class='ocrx_word' id='word_1_15' title='bbox 994 954 1141 1040; x_wconf 91' lang='lat' dir='ltr'>protulit,</span> <span class='ocrx_word' id='word_1_16' title='bbox 1158 955 1244 1020; x_wconf 92' lang='lat' dir='ltr'>illam</span> <span class='ocrx_word' id='word_1_17' title='bbox 1258 955 1389 1042; x_wconf 90' lang='lat' dir='ltr'>quidem</span> 
     </span>
     <span class='ocr_line' id='line_1_5' title="bbox 317 1062 1388 1148; baseline 0 -20"><span class='ocrx_word' id='word_1_18' title='bbox 317 1063 455 1130; x_wconf 84' lang='lat' dir='ltr'>Medeae</span> <span class='ocrx_word' id='word_1_19' title='bbox 470 1063 595 1128; x_wconf 87' lang='lat' dir='ltr'>ultricis</span> <span class='ocrx_word' id='word_1_20' title='bbox 614 1064 809 1128; x_wconf 83' lang='lat' dir='ltr'>mentionem</span> <span class='ocrx_word' id='word_1_21' title='bbox 825 1062 1021 1127; x_wconf 87' lang='lat' dir='ltr'>tralaticiam</span> <span class='ocrx_word' id='word_1_22' title='bbox 1041 1064 1139 1128; x_wconf 86' lang='lat' dir='ltr'>fuisse</span> <span class='ocrx_word' id='word_1_23' title='bbox 1160 1063 1388 1148; x_wconf 89' lang='lat' dir='ltr'>suspicandum</span> 
     </span>
     <span class='ocr_line' id='line_1_6' title="bbox 318 1168 1389 1258; baseline -0.002 -21"><span class='ocrx_word' id='word_1_24' title='bbox 318 1182 382 1237; x_wconf 89' lang='lat' dir='ltr'>est:</span> <span class='ocrx_word' id='word_1_25' title='bbox 404 1169 552 1235; x_wconf 87' lang='lat' dir='ltr'><strong>adhibuit</strong></span> <span class='ocrx_word' id='word_1_26' title='bbox 574 1171 661 1236; x_wconf 88' lang='lat' dir='ltr'>enim</span> <span class='ocrx_word' id='word_1_27' title='bbox 678 1193 751 1234; x_wconf 88' lang='lat' dir='ltr'>eam</span> <span class='ocrx_word' id='word_1_28' title='bbox 767 1172 866 1234; x_wconf 92' lang='lat' dir='ltr'>etiam</span> <span class='ocrx_word' id='word_1_29' title='bbox 881 1170 1044 1234; x_wconf 82' lang='lat' dir='ltr'>Pindarus</span> <span class='ocrx_word' id='word_1_30' title='bbox 1068 1193 1093 1237; x_wconf 89' lang='lat' dir='ltr'>c.</span> <span class='ocrx_word' id='word_1_31' title='bbox 1110 1169 1130 1233; x_wconf 90' lang='lat' dir='ltr'>l.</span> <span class='ocrx_word' id='word_1_32' title='bbox 1146 1194 1178 1234; x_wconf 90' lang='lat' dir='ltr'>v.</span> <span class='ocrx_word' id='word_1_33' title='bbox 1197 1171 1263 1236; x_wconf 83' lang='lat'>250</span> <span class='ocrx_word' id='word_1_34' title='bbox 1281 1168 1389 1258; x_wconf 52' lang='lat'>[445]</span> 
     </span>
     <span class='ocr_line' id='line_1_7' title="bbox 317 1268 1239 1367; baseline -0.005 -22"><span class='ocrx_word' id='word_1_35' title='bbox 317 1277 439 1366; x_wconf 79' lang='grc' dir='ltr'><em>κλέψεν</em></span> <span class='ocrx_word' id='word_1_36' title='bbox 461 1301 496 1342; x_wconf 82' lang='grc' dir='ltr'>τε</span> <span class='ocrx_word' id='word_1_37' title='bbox 519 1275 674 1366; x_wconf 86' lang='grc' dir='ltr'><em>Μήδειον</em></span> <span class='ocrx_word' id='word_1_38' title='bbox 697 1276 754 1342; x_wconf 73' lang='grc' dir='ltr'>σὺν</span> <span class='ocrx_word' id='word_1_39' title='bbox 778 1272 870 1367; x_wconf 76' lang='grc' dir='ltr'><em>αὐτᾷ,</em></span> <span class='ocrx_word' id='word_1_40' title='bbox 896 1276 955 1344; x_wconf 81' lang='grc' dir='ltr'>τὰν</span> <span class='ocrx_word' id='word_1_41' title='bbox 979 1275 1105 1342; x_wconf 86' lang='grc' dir='ltr'><em>Πελίαο</em></span> <span class='ocrx_word' id='word_1_42' title='bbox 1130 1268 1239 1365; x_wconf 75' lang='grc' dir='ltr'><em>(μόνον.</em></span> 
     </span>
    </p>

    <p class='ocr_par' dir='ltr' id='par_1_4' title="bbox 317 1382 1390 1790">
     <span class='ocr_line' id='line_1_8' title="bbox 407 1382 1390 1471; baseline -0.001 -23"><span class='ocrx_word' id='word_1_43' title='bbox 407 1383 474 1450; x_wconf 84' lang='lat' dir='ltr'>Sed</span> <span class='ocrx_word' id='word_1_44' title='bbox 501 1384 624 1469; x_wconf 91' lang='lat' dir='ltr'>primus</span> <span class='ocrx_word' id='word_1_45' title='bbox 647 1383 854 1471; x_wconf 74' lang='lat' dir='ltr'>Pherecydes</span> <span class='ocrx_word' id='word_1_46' title='bbox 882 1386 974 1448; x_wconf 88' lang='lat' dir='ltr'>testis</span> <span class='ocrx_word' id='word_1_47' title='bbox 1003 1394 1051 1447; x_wconf 91' lang='lat' dir='ltr'>est</span> <span class='ocrx_word' id='word_1_48' title='bbox 1079 1382 1208 1447; x_wconf 87' lang='lat' dir='ltr'>fabulae</span> <span class='ocrx_word' id='word_1_49' title='bbox 1235 1383 1319 1447; x_wconf 92' lang='lat' dir='ltr'>illius</span> <span class='ocrx_word' id='word_1_50' title='bbox 1348 1383 1390 1447; x_wconf 88' lang='lat' dir='ltr'>ad</span> 
     </span>
     <span class='ocr_line' id='line_1_9' title="bbox 318 1490 1390 1579; baseline -0.005 -22"><span class='ocrx_word' id='word_1_51' title='bbox 318 1491 524 1579; x_wconf 88' lang='lat' dir='ltr'>probandum</span> <span class='ocrx_word' id='word_1_52' title='bbox 533 1490 644 1554; x_wconf 86' lang='lat' dir='ltr'>Peliae</span> <span class='ocrx_word' id='word_1_53' title='bbox 658 1491 850 1555; x_wconf 90' lang='lat' dir='ltr'>mandatum</span> <span class='ocrx_word' id='word_1_54' title='bbox 864 1501 1051 1576; x_wconf 84' lang='lat' dir='ltr'>usurpatae,</span> <span class='ocrx_word' id='word_1_55' title='bbox 1067 1512 1262 1576; x_wconf 89' lang='lat' dir='ltr'>quamquam</span> <span class='ocrx_word' id='word_1_56' title='bbox 1274 1511 1390 1574; x_wconf 84' lang='lat' dir='ltr'>genea-</span> 
     </span>
     <span class='ocr_line' id='line_1_10' title="bbox 317 1597 1390 1685; baseline -0.003 -22"><span class='ocrx_word' id='word_1_57' title='bbox 317 1599 410 1685; x_wconf 89' lang='lat' dir='ltr'>logus</span> <span class='ocrx_word' id='word_1_58' title='bbox 438 1610 548 1663; x_wconf 87' lang='lat' dir='ltr'>utrum</span> <span class='ocrx_word' id='word_1_59' title='bbox 575 1597 636 1662; x_wconf 90' lang='lat' dir='ltr'>hoc</span> <span class='ocrx_word' id='word_1_60' title='bbox 664 1599 732 1683; x_wconf 93' lang='lat' dir='ltr'>ipse</span> <span class='ocrx_word' id='word_1_61' title='bbox 761 1599 934 1662; x_wconf 84' lang='lat' dir='ltr'>novaverit</span> <span class='ocrx_word' id='word_1_62' title='bbox 963 1620 1005 1661; x_wconf 92' lang='lat' dir='ltr'>an</span> <span class='ocrx_word' id='word_1_63' title='bbox 1033 1597 1190 1661; x_wconf 87' lang='lat' dir='ltr'>traditum</span> <span class='ocrx_word' id='word_1_64' title='bbox 1217 1597 1390 1678; x_wconf 89' lang='lat' dir='ltr'>invenerit,</span> 
     </span>
     <span class='ocr_line' id='line_1_11' title="bbox 318 1703 883 1790; baseline 0 -21"><span class='ocrx_word' id='word_1_65' title='bbox 318 1707 353 1770; x_wconf 90' lang='lat' dir='ltr'>in</span> <span class='ocrx_word' id='word_1_66' title='bbox 377 1703 530 1789; x_wconf 86' lang='lat' dir='ltr'>ambiguo</span> <span class='ocrx_word' id='word_1_67' title='bbox 552 1704 803 1790; x_wconf 87' lang='lat' dir='ltr'>relinquendum</span> <span class='ocrx_word' id='word_1_68' title='bbox 826 1715 883 1769; x_wconf 89' lang='lat' dir='ltr'>est.</span> 
     </span>
    </p>

    <p class='ocr_par' dir='ltr' id='par_1_5' title="bbox 319 1808 1393 2218">
     <span class='ocr_line' id='line_1_12' title="bbox 407 1808 1391 1898; baseline -0.002 -22"><span class='ocrx_word' id='word_1_69' title='bbox 407 1813 519 1898; x_wconf 89' lang='lat' dir='ltr'>Neque</span> <span class='ocrx_word' id='word_1_70' title='bbox 549 1834 626 1876; x_wconf 86' lang='lat' dir='ltr'>vero</span> <span class='ocrx_word' id='word_1_71' title='bbox 660 1812 701 1875; x_wconf 91' lang='lat' dir='ltr'>ad</span> <span class='ocrx_word' id='word_1_72' title='bbox 733 1813 839 1897; x_wconf 88' lang='lat' dir='ltr'>ipsum</span> <span class='ocrx_word' id='word_1_73' title='bbox 871 1808 1096 1897; x_wconf 84' lang='lat' dir='ltr'>Pherecydem</span> <span class='ocrx_word' id='word_1_74' title='bbox 1125 1811 1245 1875; x_wconf 85' lang='lat' dir='ltr'>Rhodii</span> <span class='ocrx_word' id='word_1_75' title='bbox 1276 1820 1391 1897; x_wconf 91' lang='lat' dir='ltr'>poetae</span> 
     </span>
     <span class='ocr_line' id='line_1_13' title="bbox 319 1900 1391 2002; baseline -0.005 -18"><span class='ocrx_word' id='word_1_76' title='bbox 319 1900 545 1984; x_wconf 83' lang='lat' dir='ltr'>narrationem¹</span> <span class='ocrx_word' id='word_1_77' title='bbox 562 1919 682 1983; x_wconf 88' lang='lat' dir='ltr'>referre</span> <span class='ocrx_word' id='word_1_78' title='bbox 701 1918 788 2000; x_wconf 86' lang='lat' dir='ltr'>licet,</span> <span class='ocrx_word' id='word_1_79' title='bbox 813 1940 886 1982; x_wconf 93' lang='lat' dir='ltr'>cum</span> <span class='ocrx_word' id='word_1_80' title='bbox 902 1919 995 1982; x_wconf 91' lang='lat' dir='ltr'>initio</span> <span class='ocrx_word' id='word_1_81' title='bbox 1016 1918 1169 1982; x_wconf 86' lang='lat' dir='ltr'>carminis</span> <span class='ocrx_word' id='word_1_82' title='bbox 1185 1916 1391 2002; x_wconf 89' lang='lat' dir='ltr'>Apolloniani</span> 
     </span>
     <span class='ocr_line' id='line_1_14' title="bbox 319 2023 1393 2113; baseline -0.005 -22"><span class='ocrx_word' id='word_1_83' title='bbox 319 2026 441 2091; x_wconf 92' lang='lat' dir='ltr'>nullum</span> <span class='ocrx_word' id='word_1_84' title='bbox 481 2027 609 2091; x_wconf 90' lang='lat' dir='ltr'>omnino</span> <span class='ocrx_word' id='word_1_85' title='bbox 644 2025 876 2113; x_wconf 87' lang='lat' dir='ltr'>Pherecydeae</span> <span class='ocrx_word' id='word_1_86' title='bbox 915 2023 1000 2088; x_wconf 91' lang='lat' dir='ltr'>illius</span> <span class='ocrx_word' id='word_1_87' title='bbox 1040 2023 1171 2089; x_wconf 86' lang='lat' dir='ltr'>fabulae</span> <span class='ocrx_word' id='word_1_88' title='bbox 1206 2025 1393 2088; x_wconf 86' lang='lat' dir='ltr'>inveniatur</span> 
     </span>
     <span class='ocr_line' id='line_1_15' title="bbox 319 2135 502 2218; baseline -0.005 -20"><span class='ocrx_word' id='word_1_89' title='bbox 319 2135 502 2218; x_wconf 84' lang='lat' dir='ltr'>vestigium.</span> 
     </span>
    </p>

    <p class='ocr_par' dir='ltr' id='par_1_6' title="bbox 320 2237 1411 2645">
     <span class='ocr_line' id='line_1_16' title="bbox 409 2237 1411 2325; baseline -0.002 -23"><span class='ocrx_word' id='word_1_90' title='bbox 409 2240 533 2303; x_wconf 87' lang='lat' dir='ltr'>Tamen</span> <span class='ocrx_word' id='word_1_91' title='bbox 563 2261 628 2303; x_wconf 92' lang='lat' dir='ltr'>nen</span> <span class='ocrx_word' id='word_1_92' title='bbox 659 2241 858 2324; x_wconf 86' lang='lat' dir='ltr'>incognitam</span> <span class='ocrx_word' id='word_1_93' title='bbox 889 2240 987 2304; x_wconf 85' lang='lat' dir='ltr'>fuisse</span> <span class='ocrx_word' id='word_1_94' title='bbox 1017 2237 1243 2304; x_wconf 83' lang='lat' dir='ltr'>Alexandrino</span> <span class='ocrx_word' id='word_1_95' title='bbox 1275 2247 1411 2325; x_wconf 88' lang='lat' dir='ltr'>poetae·</span> 
     </span>
     <span class='ocr_line' id='line_1_17' title="bbox 320 2344 1390 2433; baseline -0.003 -22"><span class='ocrx_word' id='word_1_96' title='bbox 320 2345 463 2412; x_wconf 87' lang='lat' dir='ltr'>fabulam</span> <span class='ocrx_word' id='word_1_97' title='bbox 489 2345 578 2409; x_wconf 92' lang='lat' dir='ltr'>illam</span> <span class='ocrx_word' id='word_1_98' title='bbox 606 2347 640 2409; x_wconf 90' lang='lat' dir='ltr'>in</span> <span class='ocrx_word' id='word_1_99' title='bbox 669 2346 861 2432; x_wconf 90' lang='lat' dir='ltr'>compendia</span> <span class='ocrx_word' id='word_1_100' title='bbox 888 2345 1109 2433; x_wconf 85' lang='lat' dir='ltr'>mythologica</span> <span class='ocrx_word' id='word_1_101' title='bbox 1137 2355 1304 2430; x_wconf 90' lang='lat' dir='ltr'>receptam</span> <span class='ocrx_word' id='word_1_102' title='bbox 1336 2344 1390 2430; x_wconf 85' lang='lat' dir='ltr'>(cf.</span> 
     </span>
     <span class='ocr_line' id='line_1_18' title="bbox 320 2451 1391 2539; baseline -0.004 -20"><span class='ocrx_word' id='word_1_103' title='bbox 320 2453 469 2539; x_wconf 84' lang='lat' dir='ltr'>Apollcd.</span> <span class='ocrx_word' id='word_1_104' title='bbox 498 2451 678 2536; x_wconf 79' lang='lat' dir='ltr'>Biblioth.),</span> <span class='ocrx_word' id='word_1_105' title='bbox 707 2452 770 2516; x_wconf 91' lang='lat' dir='ltr'>duo</span> <span class='ocrx_word' id='word_1_106' title='bbox 798 2453 900 2539; x_wconf 90' lang='lat' dir='ltr'>ipsius</span> <span class='ocrx_word' id='word_1_107' title='bbox 929 2453 1081 2517; x_wconf 86' lang='lat' dir='ltr'>carminis</span> <span class='ocrx_word' id='word_1_108' title='bbox 1108 2452 1171 2517; x_wconf 92' lang='lat' dir='ltr'>loci</span> <span class='ocrx_word' id='word_1_109' title='bbox 1197 2451 1391 2516; x_wconf 86' lang='lat' dir='ltr'>documento</span> 
     </span>
     <span class='ocr_line' id='line_1_19' title="bbox 322 2558 1145 2645; baseline -0.001 -20"><span class='ocrx_word' id='word_1_110' title='bbox 322 2570 406 2643; x_wconf 89' lang='lat' dir='ltr'>sunt,</span> <span class='ocrx_word' id='word_1_111' title='bbox 431 2582 510 2645; x_wconf 93' lang='lat' dir='ltr'>quos</span> <span class='ocrx_word' id='word_1_112' title='bbox 533 2559 567 2622; x_wconf 93' lang='lat' dir='ltr'>in</span> <span class='ocrx_word' id='word_1_113' title='bbox 590 2559 734 2624; x_wconf 89' lang='lat' dir='ltr'>medium</span> <span class='ocrx_word' id='word_1_114' title='bbox 758 2560 903 2645; x_wconf 86' lang='lat' dir='ltr'>proferre</span> <span class='ocrx_word' id='word_1_115' title='bbox 926 2562 1002 2624; x_wconf 89' lang='lat' dir='ltr'>satis</span> <span class='ocrx_word' id='word_1_116' title='bbox 1026 2558 1145 2625; x_wconf 88' lang='lat' dir='ltr'>habeo:</span> 
     </span>
    </p>

    <p class='ocr_par' dir='ltr' id='par_1_7' title="bbox 410 2658 1293 2755">
     <span class='ocr_line' id='line_1_20' title="bbox 410 2658 1293 2755; baseline -0.002 -23"><span class='ocrx_word' id='word_1_117' title='bbox 410 2667 471 2748; x_wconf 91' lang='lat' dir='ltr'>III,</span> <span class='ocrx_word' id='word_1_118' title='bbox 497 2669 585 2733; x_wconf 89' lang='grc'><strong>1134</strong></span> <span class='ocrx_word' id='word_1_119' title='bbox 608 2689 691 2752; x_wconf 90' lang='lat' dir='ltr'>sqq.:</span> <span class='ocrx_word' id='word_1_120' title='bbox 811 2660 855 2746; x_wconf 77' lang='grc' dir='ltr'>ὥς</span> <span class='ocrx_word' id='word_1_121' title='bbox 879 2666 938 2755; x_wconf 77' lang='grc' dir='ltr'>γὰρ</span> <span class='ocrx_word' id='word_1_122' title='bbox 961 2665 1036 2734; x_wconf 83' lang='grc' dir='ltr'><em>τόδε</em></span> <span class='ocrx_word' id='word_1_123' title='bbox 1059 2665 1178 2755; x_wconf 84' lang='grc' dir='ltr'><em>μήδετο</em></span> <span class='ocrx_word' id='word_1_124' title='bbox 1195 2658 1293 2753; x_wconf 79' lang='grc' dir='ltr'><em>Ἥρη,</em></span> 
     </span>
    </p>

    <p class='ocr_par' dir='ltr' id='par_1_8' title="bbox 456 2763 1238 2864">
     <span class='ocr_line' id='line_1_21' title="bbox 456 2763 1238 2864; baseline -0.004 -24"><span class='ocrx_word' id='word_1_125' title='bbox 456 2763 542 2861; x_wconf 73' lang='lat' dir='ltr'>dqpn</span> <span class='ocrx_word' id='word_1_126' title='bbox 566 2768 667 2840; x_wconf 75' lang='grc' dir='ltr'><em>νακδν</em></span> <span class='ocrx_word' id='word_1_127' title='bbox 690 2771 794 2862; x_wconf 77' lang='grc' dir='ltr'><em>Πελίῃ</em></span> <span class='ocrx_word' id='word_1_128' title='bbox 820 2770 905 2864; x_wconf 70' lang='grc' dir='ltr'><em>ἱερὴν</em></span> <span class='ocrx_word' id='word_1_129' title='bbox 928 2773 961 2853; x_wconf 75' lang='grc' dir='ltr'>ἐς</span> <span class='ocrx_word' id='word_1_130' title='bbox 981 2768 1111 2840; x_wconf 79' lang='grc' dir='ltr'><em>Ἰωλκὸν</em></span> <span class='ocrx_word' id='word_1_131' title='bbox 1134 2775 1238 2838; x_wconf 77' lang='grc' dir='ltr'><em>ἵκοιτο</em></span> 
     </span>
    </p>

    <p class='ocr_par' dir='ltr' id='par_1_9' title="bbox 412 2869 1293 3073">
     <span class='ocr_line' id='line_1_22' title="bbox 456 2869 1293 2970; baseline -0.005 -24"><span class='ocrx_word' id='word_1_132' title='bbox 456 2879 567 2970; x_wconf 84' lang='grc' dir='ltr'><em>Αίοιίη</em></span> <span class='ocrx_word' id='word_1_133' title='bbox 592 2873 737 2969; x_wconf 77' lang='grc' dir='ltr'><em>Μήδειοι,</em></span> <span class='ocrx_word' id='word_1_134' title='bbox 763 2870 894 2947; x_wconf 67' lang='grc' dir='ltr'><em>λιντσῦδ</em></span> <span class='ocrx_word' id='word_1_135' title='bbox 920 2869 989 2947; x_wconf 73' lang='lat' dir='ltr'>diruo</span> <span class='ocrx_word' id='word_1_136' title='bbox 1015 2879 1163 2969; x_wconf 76' lang='grc' dir='ltr'><em>πατρίδα</em></span> <span class='ocrx_word' id='word_1_137' title='bbox 1187 2883 1293 2967; x_wconf 74' lang='grc' dir='ltr'><em>μαῖαν.</em></span> 
     </span>
     <span class='ocr_line' id='line_1_23' title="bbox 412 2988 668 3073; baseline -0.008 -21"><span class='ocrx_word' id='word_1_138' title='bbox 412 2988 469 3068; x_wconf 88' lang='lat' dir='ltr'>IV,</span> <span class='ocrx_word' id='word_1_139' title='bbox 495 2989 554 3052; x_wconf 80' lang='lat'>241</span> <span class='ocrx_word' id='word_1_140' title='bbox 583 3010 668 3073; x_wconf 88' lang='lat' dir='ltr'>sqq.:</span> 
     </span>
    </p>

    <p class='ocr_par' dir='ltr' id='par_1_10' title="bbox 457 3087 1256 3183">
     <span class='ocr_line' id='line_1_24' title="bbox 457 3087 1256 3183; baseline -0.001 -23"><span class='ocrx_word' id='word_1_141' title='bbox 457 3091 492 3160; x_wconf 68' lang='grc' dir='ltr'>δι’</span> <span class='ocrx_word' id='word_1_142' title='bbox 512 3089 538 3160; x_wconf 82' lang='grc' dir='ltr'><em>δ</em></span> <span class='ocrx_word' id='word_1_143' title='bbox 544 3089 663 3177; x_wconf 79' lang='grc' dir='ltr'><em>ἀνέμου</em></span> <span class='ocrx_word' id='word_1_144' title='bbox 686 3090 836 3183; x_wconf 73' lang='grc' dir='ltr'><em>λαιψηρὰ</em></span> <span class='ocrx_word' id='word_1_145' title='bbox 860 3100 944 3173; x_wconf 68' lang='grc' dir='ltr'><em>θεοῖς</em></span> <span class='ocrx_word' id='word_1_146' title='bbox 966 3095 1118 3183; x_wconf 70' lang='grc' dir='ltr'><em>βουλῇσιν</em></span> <span class='ocrx_word' id='word_1_147' title='bbox 1142 3087 1256 3172; x_wconf 76' lang='grc' dir='ltr'><em>ἀέντος</em></span> 
     </span>
    </p>

    <p class='ocr_par' dir='ltr' id='par_1_11' title="bbox 449 3189 1261 3290">
     <span class='ocr_line' id='line_1_25' title="bbox 449 3189 1261 3290; baseline -0.001 -24"><span class='ocrx_word' id='word_1_148' title='bbox 449 3194 564 3288; x_wconf 80' lang='grc' dir='ltr'><strong><em>Ἥρης,</em></strong></span> <span class='ocrx_word' id='word_1_149' title='bbox 590 3194 661 3290; x_wconf 66' lang='grc' dir='ltr'><em>διμιί</em></span> <span class='ocrx_word' id='word_1_150' title='bbox 690 3189 815 3266; x_wconf 74' lang='grc' dir='ltr'><em>ιδκιστοι</em></span> <span class='ocrx_word' id='word_1_151' title='bbox 839 3200 940 3267; x_wconf 69' lang='lat' dir='ltr'>nardo</span> <span class='ocrx_word' id='word_1_152' title='bbox 960 3200 1086 3267; x_wconf 84' lang='grc' dir='ltr'><em>Πελίαο</em></span> <span class='ocrx_word' id='word_1_153' title='bbox 1111 3197 1261 3283; x_wconf 82' lang='grc' dir='ltr'><em>δόμοισιν</em></span> 
     </span>
    </p>

    <p class='ocr_par' dir='ltr' id='par_1_12' title="bbox 458 3303 1207 3396">
     <span class='ocr_line' id='line_1_26' title="bbox 458 3303 1207 3396; baseline -0.005 -23"><span class='ocrx_word' id='word_1_154' title='bbox 458 3305 575 3395; x_wconf 78' lang='grc' dir='ltr'>ΑἰαίηΙ</span> <span class='ocrx_word' id='word_1_155' title='bbox 592 3303 726 3396; x_wconf 78' lang='grc' dir='ltr'><em>Μήδειοι</em></span> <span class='ocrx_word' id='word_1_156' title='bbox 750 3305 941 3395; x_wconf 77' lang='grc' dir='ltr'><em>Πελασγίδα</em></span> <span class='ocrx_word' id='word_1_157' title='bbox 966 3311 1063 3394; x_wconf 77' lang='grc' dir='ltr'><em>μοιῖιιν</em></span> <span class='ocrx_word' id='word_1_158' title='bbox 1087 3308 1207 3395; x_wconf 76' lang='grc' dir='ltr'><em>λ’κήτοιι.</em></span> 
     </span>
    </p>

    <p class='ocr_par' dir='ltr' id='par_1_13' title="bbox 323 3413 1394 3591">
     <span class='ocr_line' id='line_1_27' title="bbox 412 3413 1394 3500; baseline -0.003 -21"><span class='ocrx_word' id='word_1_159' title='bbox 412 3415 478 3479; x_wconf 82' lang='lat' dir='ltr'>Sed</span> <span class='ocrx_word' id='word_1_160' title='bbox 508 3414 572 3478; x_wconf 89' lang='lat' dir='ltr'>iam</span> <span class='ocrx_word' id='word_1_161' title='bbox 604 3437 687 3500; x_wconf 91' lang='lat' dir='ltr'>quae</span> <span class='ocrx_word' id='word_1_162' title='bbox 711 3414 872 3479; x_wconf 87' lang='lat' dir='ltr'>Pindarus</span> <span class='ocrx_word' id='word_1_163' title='bbox 903 3416 944 3479; x_wconf 90' lang='lat' dir='ltr'>de</span> <span class='ocrx_word' id='word_1_164' title='bbox 973 3414 1128 3478; x_wconf 88' lang='lat' dir='ltr'>mandato</span> <span class='ocrx_word' id='word_1_165' title='bbox 1151 3413 1262 3477; x_wconf 90' lang='lat' dir='ltr'>Peliae</span> <span class='ocrx_word' id='word_1_166' title='bbox 1284 3435 1394 3477; x_wconf 90' lang='lat' dir='ltr'>narra-</span> 
     </span>
     <span class='ocr_line' id='line_1_28' title="bbox 323 3523 661 3591; baseline -0.021 -1"><span class='ocrx_word' id='word_1_167' title='bbox 323 3524 409 3591; x_wconf 85' lang='lat' dir='ltr'>verit</span> <span class='ocrx_word' id='word_1_168' title='bbox 431 3523 661 3586; x_wconf 85' lang='lat' dir='ltr'>examinemus.</span> 
     </span>
    </p>

    <p class='ocr_par' dir='ltr' id='par_1_14' title="bbox 324 3627 1396 4358">
     <span class='ocr_line' id='line_1_29' title="bbox 412 3627 1394 3715; baseline 0.001 -23"><span class='ocrx_word' id='word_1_169' title='bbox 412 3630 521 3715; x_wconf 86' lang='lat' dir='ltr'>Atque</span> <span class='ocrx_word' id='word_1_170' title='bbox 552 3628 612 3693; x_wconf 93' lang='lat' dir='ltr'>hoc</span> <span class='ocrx_word' id='word_1_171' title='bbox 645 3628 777 3714; x_wconf 92' lang='lat' dir='ltr'>quidem</span> <span class='ocrx_word' id='word_1_172' title='bbox 807 3637 903 3711; x_wconf 90' lang='lat' dir='ltr'>poeta</span> <span class='ocrx_word' id='word_1_173' title='bbox 934 3637 1065 3692; x_wconf 87' lang='lat' dir='ltr'>auctore</span> <span class='ocrx_word' id='word_1_174' title='bbox 1095 3627 1151 3714; x_wconf 81' lang='lat' dir='ltr'>(cf,</span> <span class='ocrx_word' id='word_1_175' title='bbox 1176 3650 1204 3691; x_wconf 93' lang='lat' dir='ltr'>c.</span> <span class='ocrx_word' id='word_1_176' title='bbox 1229 3627 1247 3690; x_wconf 90' lang='lat' dir='ltr'>l.</span> <span class='ocrx_word' id='word_1_177' title='bbox 1272 3652 1302 3690; x_wconf 94' lang='lat' dir='ltr'>v.</span> <span class='ocrx_word' id='word_1_178' title='bbox 1331 3628 1394 3693; x_wconf 80' lang='lat'>155</span> 
     </span>
     <span class='ocr_line' id='line_1_30' title="bbox 326 3734 1395 3827; baseline -0.007 -23"><span class='ocrx_word' id='word_1_179' title='bbox 326 3734 416 3827; x_wconf 76' lang='lat'>[275]</span> <span class='ocrx_word' id='word_1_180' title='bbox 442 3736 524 3822; x_wconf 82' lang='lat' dir='ltr'>sqq.)</span> <span class='ocrx_word' id='word_1_181' title='bbox 551 3736 648 3799; x_wconf 82' lang='lat' dir='ltr'>lason</span> <span class='ocrx_word' id='word_1_182' title='bbox 671 3743 841 3819; x_wconf 87' lang='lat' dir='ltr'>paternum</span> <span class='ocrx_word' id='word_1_183' title='bbox 869 3757 1006 3819; x_wconf 84' lang='lat' dir='ltr'>regnum</span> <span class='ocrx_word' id='word_1_184' title='bbox 1030 3757 1049 3798; x_wconf 89' lang='lat' dir='ltr'>a</span> <span class='ocrx_word' id='word_1_185' title='bbox 1072 3734 1164 3798; x_wconf 87' lang='lat' dir='ltr'>Pelia</span> <span class='ocrx_word' id='word_1_186' title='bbox 1188 3734 1342 3818; x_wconf 88' lang='lat' dir='ltr'>repescit,</span> <span class='ocrx_word' id='word_1_187' title='bbox 1367 3734 1395 3796; x_wconf 93' lang='lat' dir='ltr'>is</span> 
     </span>
     <span class='ocr_line' id='line_1_31' title="bbox 324 3839 1393 3926; baseline -0.006 -16"><span class='ocrx_word' id='word_1_188' title='bbox 324 3853 431 3910; x_wconf 83' lang='lat' dir='ltr'>autem</span> <span class='ocrx_word' id='word_1_189' title='bbox 460 3863 583 3906; x_wconf 91' lang='lat' dir='ltr'>merem</span> <span class='ocrx_word' id='word_1_190' title='bbox 611 3863 645 3905; x_wconf 89' lang='lat' dir='ltr'>se</span> <span class='ocrx_word' id='word_1_191' title='bbox 676 3853 844 3926; x_wconf 85' lang='lat' dir='ltr'>gesturum</span> <span class='ocrx_word' id='word_1_192' title='bbox 875 3863 945 3905; x_wconf 88' lang='lat' dir='ltr'>esse</span> <span class='ocrx_word' id='word_1_193' title='bbox 973 3840 1121 3905; x_wconf 87' lang='lat' dir='ltr'>simulata</span> <span class='ocrx_word' id='word_1_194' title='bbox 1149 3843 1300 3906; x_wconf 89' lang='lat' dir='ltr'>comitate</span> <span class='ocrx_word' id='word_1_195' title='bbox 1329 3839 1393 3926; x_wconf 90' lang='lat' dir='ltr'>pol·</span> 
     </span>
     <span class='ocr_line' id='line_1_32' title="bbox 324 3945 1396 4034; baseline -0.007 -16"><span class='ocrx_word' id='word_1_196' title='bbox 324 3953 450 4032; x_wconf 78' lang='lat' dir='ltr'>licetur,</span> <span class='ocrx_word' id='word_1_197' title='bbox 470 3947 528 4012; x_wconf 92' lang='lat' dir='ltr'>ubi</span> <span class='ocrx_word' id='word_1_198' title='bbox 547 3949 686 4034; x_wconf 91' lang='lat' dir='ltr'>primum</span> <span class='ocrx_word' id='word_1_199' title='bbox 707 3948 761 4012; x_wconf 91' lang='lat' dir='ltr'>ille</span> <span class='ocrx_word' id='word_1_200' title='bbox 782 3952 879 4032; x_wconf 82' lang='grc' dir='ltr'><em>μᾶνιν</em></span> <span class='ocrx_word' id='word_1_201' title='bbox 897 3945 1041 4030; x_wconf 72' lang='grc' dir='ltr'><em>χδσνίιον</em></span> <span class='ocrx_word' id='word_1_202' title='bbox 1057 3949 1100 4033; x_wconf 87' lang='lat' dir='ltr'>(v.</span> <span class='ocrx_word' id='word_1_203' title='bbox 1118 3947 1194 4034; x_wconf 80' lang='lat'>284)</span> <span class='ocrx_word' id='word_1_204' title='bbox 1215 3947 1396 4033; x_wconf 88' lang='lat' dir='ltr'>placaverit</span> 
     </span>
     <span class='ocr_line' id='line_1_33' title="bbox 325 4052 1395 4144; baseline -0.007 -20"><span class='ocrx_word' id='word_1_205' title='bbox 325 4068 421 4144; x_wconf 90' lang='lat' dir='ltr'>atque</span> <span class='ocrx_word' id='word_1_206' title='bbox 448 4055 551 4121; x_wconf 91' lang='lat' dir='ltr'>vellus</span> <span class='ocrx_word' id='word_1_207' title='bbox 582 4078 715 4120; x_wconf 89' lang='lat' dir='ltr'>aureum</span> <span class='ocrx_word' id='word_1_208' title='bbox 744 4079 762 4120; x_wconf 92' lang='lat' dir='ltr'>e</span> <span class='ocrx_word' id='word_1_209' title='bbox 791 4055 946 4120; x_wconf 78' lang='lat' dir='ltr'>Colchide</span> <span class='ocrx_word' id='word_1_210' title='bbox 975 4064 1062 4118; x_wconf 87' lang='lat' dir='ltr'>terra</span> <span class='ocrx_word' id='word_1_211' title='bbox 1092 4055 1304 4118; x_wconf 88' lang='lat' dir='ltr'>arcessiverit.</span> <span class='ocrx_word' id='word_1_212' title='bbox 1352 4052 1395 4117; x_wconf 82' lang='lat' dir='ltr'>Se</span> 
     </span>
     <span class='ocr_line' id='line_1_34' title="bbox 325 4160 1394 4251; baseline -0.007 -21"><span class='ocrx_word' id='word_1_213' title='bbox 325 4167 430 4251; x_wconf 91' lang='lat' dir='ltr'>ipsum</span> <span class='ocrx_word' id='word_1_214' title='bbox 451 4175 559 4228; x_wconf 87' lang='lat' dir='ltr'>autem</span> <span class='ocrx_word' id='word_1_215' title='bbox 581 4163 673 4227; x_wconf 89' lang='lat' dir='ltr'>addit</span> <span class='ocrx_word' id='word_1_216' title='bbox 694 4185 735 4227; x_wconf 93' lang='lat' dir='ltr'>ne</span> <span class='ocrx_word' id='word_1_217' title='bbox 757 4163 836 4226; x_wconf 90' lang='lat' dir='ltr'>haec</span> <span class='ocrx_word' id='word_1_218' title='bbox 856 4172 1024 4247; x_wconf 88' lang='lat' dir='ltr'>perpetret</span> <span class='ocrx_word' id='word_1_219' title='bbox 1044 4170 1208 4226; x_wconf 90' lang='lat' dir='ltr'>senectute</span> <span class='ocrx_word' id='word_1_220' title='bbox 1233 4160 1394 4245; x_wconf 91' lang='lat' dir='ltr'>impediri.</span> 
     </span>
     <span class='ocr_line' id='line_1_35' title="bbox 326 4268 1092 4358; baseline -0.009 -21"><span class='ocrx_word' id='word_1_221' title='bbox 326 4273 433 4358; x_wconf 89' lang='lat' dir='ltr'>Atque</span> <span class='ocrx_word' id='word_1_222' title='bbox 455 4271 552 4336; x_wconf 88' lang='lat' dir='ltr'>lason</span> <span class='ocrx_word' id='word_1_223' title='bbox 575 4269 763 4355; x_wconf 90' lang='lat' dir='ltr'>obsequitur</span> <span class='ocrx_word' id='word_1_224' title='bbox 786 4269 949 4334; x_wconf 89' lang='lat' dir='ltr'>voluntati</span> <span class='ocrx_word' id='word_1_225' title='bbox 972 4268 1092 4332; x_wconf 83' lang='lat' dir='ltr'>Peliae.</span> 
     </span>
    </p>
   </div>
   <div class='ocr_carea' id='block_1_3' title="bbox 0 0 1657 5048">
    <p class='ocr_par' dir='ltr' id='par_1_15' title="bbox 0 0 1657 5048">
     <span class='ocr_line' id='line_1_36' title="bbox 0 0 1657 5048; baseline 0 0"><span class='ocrx_word' id='word_1_226' title='bbox 0 0 1657 5048; x_wconf 95' lang='lat' dir='ltr'> </span> 
     </span>
    </p>
   </div>
  </div>
 </body>
</html>
