3284 5048
791 630 989 694 ...6-

349 805 512 890 operibus,
530 805 649 891 quibus
664 807 713 870 uti
727 804 848 870 licebat
863 805 1043 891 Apollonio,
1060 828 1148 870 nunc
1164 805 1295 892 quidem
1311 829 1414 870 unum

347 911 482 976 Pindari
492 911 805 998 carmenPythicum
813 922 966 998 quartum
975 913 1137 997 integrum
1148 901 1253 977 exstat
1264 911 1414 998 Cyrenas

275 1071 279 1080 .
347 1020 420 1104 regi
442 1017 610 1084 Arcesilae
634 1018 828 1084 dedicatum.
869 1019 941 1101 Quo
965 1020 1108 1082 carmine
1130 1028 1225 1104 poeta
1243 1019 1414 1104 Argonau-

347 1135 453 1190 tarum
484 1125 727 1211 expeditionem
756 1127 938 1191 summatim
969 1131 1133 1192 enarravit
1165 1129 1414 1213 accuratiusque

348 1255 402 1296 eas
425 1234 628 1318 potissimum
650 1255 701 1297 res
725 1233 884 1318 depinxit,
909 1232 1024 1319 quibus
1046 1232 1102 1297 illa
1123 1232 1201 1298 urbs
1221 1256 1295 1298 oum
1309 1233 1414 1318 Argo·

349 1349 520 1403 nautarum
543 1338 655 1404 fabula
679 1343 852 1405 coniuncta
875 1349 953 1404 erat.
993 1339 1104 1406 Ceteri
1127 1351 1236 1405 autem
1252 1340 1292 1405 de
1308 1340 1413 1425 Argo·

348 1448 457 1511 nautis
476 1447 553 1512 libri
573 1456 648 1511 ante
667 1447 831 1533 Apollonii
851 1457 989 1511 aetatem
1010 1448 1179 1532 compositi
1186 1447 1212 1534 1)
1229 1434 1283 1513 vel
1302 1449 1414 1534 paucis

349 1564 383 1619 et
402 1556 513 1639 parvis
533 1553 675 1618 frustulis
691 1554 745 1619 vel
765 1555 864 1619 etiam
883 1554 1012 1619 nomine
1033 1563 1159 1618 tantum
1174 1553 1267 1620 nobis
1283 1555 1416 1641 quidem

349 1671 424 1725 sunt
448 1661 582 1745 cogniti,

438 1767 568 1832 Deinde
599 1791 673 1832 cum
703 1768 958 1853 fragmentorum
987 1767 1115 1833 illorum
1145 1768 1242 1853 longe
1274 1767 1414 1854 plurima

350 1876 577 1939 contineantur
592 1874 720 1939 scholiis
736 1876 873 1938 carmini
886 1874 1101 1960 Apolloniano
1117 1876 1298 1960 adscriptis,
1314 1885 1415 1940 totam

348 1982 492 2067 ipsorum
515 1980 709 2046 scholiorum
731 1983 799 2047 vim
822 1990 919 2068 atque
947 1981 1089 2047 indolem
1116 1983 1298 2046 accuratius
1322 2004 1416 2067 opor-

349 2087 431 2153 tebit
453 2089 676 2174 respiciamus.
1082 2072 1085 2076 ¹

437 2193 548 2281 Atque
582 2193 704 2258 scholia
736 2193 952 2280 Apolloniana
984 2217 1001 2259 e
1035 2194 1153 2258 Lucilli
1187 2194 1346 2258 Tarrhaei
1380 2204 1413 2259 et

350 2301 517 2386 Sophoclis
533 2310 566 2365 et
580 2300 720 2365 Theonis
728 2306 750 2380 2)
768 2301 1007 2365 commentariis
1026 2301 1159 2365 fluxisse
1179 2300 1415 2386 subscriptione

350 2407 471 2472 codicis
490 2408 703 2471 Laurentiani
723 2407 809 2471 illius
829 2407 1080 2492 praeclarissimi
1103 2409 1315 2492 cognoscitur.
1350 2408 1415 2472 Ne·

349 2537 412 2602 que
434 2536 509 2578 vero
529 2515 650 2599 integri
671 2516 894 2578 commentarii
913 2513 960 2576 illi
980 2515 1111 2600 antiqua
1132 2515 1279 2579 doctrina
1302 2514 1418 2578 referti

348 2620 478 2687 scholiis
509 2622 731 2703 continentur,
764 2619 821 2684 sed
850 2620 989 2684 frustula
1018 2630 1146 2685 tantum
1175 2644 1278 2706 parva
1311 2643 1416 2707 eaque

348 2729 438 2793 haud
470 2726 555 2792 bene
587 2736 782 2812 comparata.
840 2726 967 2791 Scimus
1001 2727 1087 2791 enim
1120 2727 1190 2791 illos
1225 2728 1417 2813 antiquioris

350 2835 516 2901 doctrinae
546 2832 716 2898 thesauros
745 2833 979 2919 posterioribus
1011 2833 1148 2898 saeculis
1180 2835 1416 2898 indoctioribus

349 2942 453 3027 magis
468 2943 637 3027 magisque
654 2964 724 3005 esse
741 2950 911 3005 coartatos.
945 2941 1021 3003 Huc
1037 2941 1173 3022 accedit,
1191 2942 1278 3026 quod
1291 2941 1418 3027 Byzan·

347 3050 436 3113 tinae
460 3050 575 3113 aetatis
597 3049 803 3133 grammatici
826 3057 918 3112 tanta
941 3057 1033 3111 erant
1052 3032 1178 3111 incuria
1196 3056 1294 3133 atque
1311 3047 1417 3112 indili-

349 3157 473 3241 gentia,
502 3165 538 3217 ut
565 3154 726 3239 permulta
752 3177 869 3239 parum
899 3163 993 3218 caute
1022 3155 1247 3218 examinarent
1276 3153 1415 3240 ideoque

349 3262 478 3346 saepius
507 3260 570 3324 alia
597 3261 681 3325 inter
709 3282 743 3324 se
768 3261 929 3324 disiuncta
952 3261 1199 3343 confunderent,
1224 3261 1288 3325 alia
1311 3283 1415 3347 eaque

348 3368 436 3432 haud
467 3389 541 3432 raro
573 3368 766 3451 gravissima
799 3367 853 3432 vel
886 3377 1007 3431 temere
1038 3376 1203 3432 mutarent
1234 3367 1288 3433 vel
1318 3369 1416 3432 etiam

350 3476 478 3539 omnino
501 3473 724 3559 neglegerent,
753 3474 971 3559 adiungerent
999 3473 1063 3538 alia
1090 3475 1222 3539 minoris
1244 3498 1286 3539 ne
1310 3474 1417 3537 dicam

439 3703 466 3768 1)
485 3702 706 3774 Antiquissimis
735 3702 794 3757 iam
820 3703 1004 3774 temporibus
1028 3705 1264 3773 Argonautarum
1285 3703 1417 3759 fabulam

348 3790 529 3846 multimodis
547 3792 638 3848 fuisse
656 3792 842 3848 decantatam
860 3793 1036 3848 documento
1056 3794 1125 3848 sunt
1136 3793 1227 3848 verba
1238 3792 1287 3847 illa
1299 3791 1419 3848 Homeri

347 3879 514 3959 notissimat
533 3902 555 3952 μ
575 3882 621 3936 7οε
639 3876 719 3956 'Agyri
738 3883 808 3934 πᾶσι
826 3885 962 3954 μέλουσα.

421 3989 447 4055 2)
471 3987 512 4047 ΟΕ
539 3987 664 4043 Stender
690 3988 708 4042 l.
731 3987 750 4045 l.
778 4005 808 4059 p.
832 3990 866 4044 15
891 3991 921 4044 et
945 3987 978 4043 E.
1003 3988 1109 4056 sethe,
1140 3989 1271 4056 Quaestt.
1298 3987 1418 4044 Diodor.

348 4077 502 4147 mythogr„
521 4076 557 4131 D.
575 4076 598 4132 1.
619 4076 747 4148 Gotting.
768 4079 845 4140 1887,
871 4094 900 4148 p.
920 4079 963 4132 91.
983 4109 1014 4118 -
1035 4076 1136 4150 Neque
1154 4081 1254 4134 tamen
1275 4076 1414 4133 subsidiis

347 4165 458 4220 nostris
481 4165 546 4220 fieri
561 4165 621 4221 iam
641 4182 730 4237 posse
748 4166 894 4236 existimo,
913 4170 948 4223 ut
965 4184 1040 4238 quae
1057 4167 1178 4238 singulis
1196 4166 1253 4221 illis
1272 4182 1416 4222 commen-

348 4253 495 4310 tatoribus
518 4255 681 4311 debeantur
708 4255 795 4311 certis
823 4254 956 4312 terminis
979 4256 1259 4312 circumscribamus.
1295 4254 1418 4311 Accedit

350 4344 431 4414 quod
449 4343 571 4400 minoris
588 4344 661 4400 illud
679 4361 744 4400 esse
762 4345 905 4401 momenti
923 4362 1009 4401 nemo
1027 4345 1186 4416 negaverit.
