3284 5048
798 626 993 690 -g..

359 805 428 869 sive
451 803 587 868 lacunae
610 805 678 867 sive
701 803 981 888 interpolationes,
1007 803 1042 866 id
1065 803 1152 889 quod
1174 805 1318 867 maxime
1341 803 1429 868 valet

359 911 399 975 de
422 911 579 975 Parisinis
599 909 738 975 scholiis.
777 910 847 973 Iam
868 910 947 996 quid
969 910 1009 973 de
1030 910 1109 995 ipsis
1129 909 1322 975 scholiorum
1341 912 1429 974 testi·

358 1018 474 1083 moniis
498 1019 709 1082 iudicandum
732 1019 773 1082 sit
796 1040 996 1104 quaeramus,

449 1126 500 1190 Ac
523 1148 588 1189 non
611 1125 714 1189 solum
738 1127 816 1211 quid
832 1127 934 1215 ceteri
950 1135 1099 1190 auctores
1118 1125 1241 1206 eodem,
1266 1125 1344 1210 quid
1366 1123 1428 1187 alio

358 1233 453 1298 modo
485 1242 583 1318 atque
610 1230 800 1316 Apollonius
834 1233 874 1297 de
907 1233 1040 1318 singulis
1073 1231 1191 1296 fabulis
1225 1232 1429 1295 narraverint

359 1342 530 1405 adnotatur
560 1338 688 1402 scholiis
720 1341 921 1424 saepissime,
955 1341 1012 1404 sed
1042 1339 1203 1404 interdum
1236 1339 1334 1402 etiam
1366 1360 1428 1423 quo

359 1456 491 1512 auctore
513 1469 589 1510 usus
614 1449 654 1510 sit
677 1458 774 1533 pocta
798 1448 928 1512 disertis
952 1447 1061 1512 verbis
1086 1447 1259 1511 indicatur.
1305 1447 1428 1510 Tamen

357 1555 533 1641 quaeritur,
549 1576 628 1618 num
643 1553 685 1618 ab
702 1557 787 1619 omni
806 1566 898 1640 parte
915 1555 1079 1642 confidere
1099 1553 1196 1617 liceat
1210 1553 1272 1617 illis
1288 1554 1427 1618 fontium

356 1659 516 1725 indiculis.
558 1658 653 1739 Quod
676 1671 711 1725 ut
735 1661 955 1744 decernamus,
980 1663 1122 1725 maxime
1146 1662 1259 1745 opinor
1275 1672 1428 1745 reputan-

358 1769 435 1833 dum
452 1777 509 1846 est,
532 1789 595 1852 quo
617 1767 750 1831 tandem
772 1769 905 1833 consilio
926 1778 1042 1854 poetae
1063 1777 1329 1833 commentatores
1346 1770 1427 1833 eius-

356 1875 444 1941 modi
468 1874 691 1938 adnotationes
716 1875 957 1960 adscripserint.

445 1981 556 2069 Atque
580 1982 788 2048 Weichertus
815 1984 963 2068 quamvis
991 1984 1025 2045 in
1053 1983 1242 2045 universum
1270 1982 1335 2045 iam
1358 2005 1428 2046 rec-

355 2091 479 2156 tissime
500 2091 540 2154 de
561 2090 623 2154 hac
643 2114 679 2154 re
695 2089 898 2171 iudicaverit,
919 2099 1029 2153 tamen
1050 2089 1129 2174 quid
1149 2090 1330 2152 necessario
1351 2089 1428 2152 inde

359 2208 526 2283 sequatur,
550 2198 619 2281 ipse
640 2197 758 2259 mirum
778 2206 935 2280 quantum
959 2198 1065 2261 omisit
1088 2195 1290 2259 concludere.
1338 2195 1428 2259 Nihil

357 2305 444 2368 enim
468 2303 556 2366 aliud
579 2304 658 2367 fecit
682 2303 744 2366 nisi
767 2316 803 2365 ut
828 2304 905 2388 ipsis
928 2303 990 2366 illis
1014 2301 1208 2366 scholiorum
1234 2304 1427 2366 testimoniis

357 2410 494 2476 confisus
519 2432 573 2474 eos
596 2409 695 2474 libros
719 2418 933 2491 enumeraret,
959 2408 1076 2494 quibus
1099 2410 1146 2472 uti
1167 2409 1285 2473 licebat
1301 2408 1425 2473 Rhodio

356 2527 482 2603 poetae.
533 2516 696 2598 Quoniam
726 2528 834 2582 autem
863 2518 1044 2581 recentiore
1073 2538 1202 2602 quoque
1231 2527 1337 2581 aetate
1371 2520 1426 2602 qui

356 2624 396 2687 de
419 2622 582 2708 Apollonii
605 2623 748 2687 fontibus
772 2634 910 2708 egerunt
934 2623 1126 2688 scholiorum
1149 2623 1211 2687 illis
1235 2625 1425 2688 testimoniis

356 2731 493 2794 nimium
524 2730 602 2793 fidei
634 2729 831 2811 habuerunt,
866 2730 907 2793 ad
931 2729 1112 2795 Weicherti
1144 2731 1425 2795 ratiocinationem

355 2837 498 2901 animum
531 2835 702 2901 advertere
735 2859 869 2900 necesse
904 2835 984 2900 mihi
1011 2836 1151 2900 videtur.
1202 2835 1311 2921 Atque
1343 2836 1425 2900 haec

355 2946 425 3009 fere
453 2945 601 3027 exposuit
625 2945 676 3006 vir
705 2942 819 3008 doctus
849 2943 889 3008 de
918 2943 1056 3008 fontium
1083 2942 1147 3007 illis
1176 2944 1326 3007 indiculis
1351 2943 1381 3024 (l.
1405 2943 1424 3007 l.

354 3073 384 3136 p.
403 3051 607 3132 133—138p

442 3157 512 3220 Mos
533 3168 603 3221 erat
624 3159 832 3241 antiquorum
850 3158 1073 3240 interpretum,
1095 3168 1130 3221 ut
1152 3181 1249 3243 quam
1270 3157 1425 3242 plurimas

354 3271 485 3347 possent
512 3264 619 3325 varias
641 3262 778 3356 'fabulas
810 3266 1005 3349 nominaque
1038 3275 1206 3329 auctorum
1239 3264 1424 3348 colligerent

355 3380 453 3456 atque
476 3380 716 3434 enumerarent.
763 3371 889 3457 Neque,
907 3364 989 3435 'cum
1012 3372 1058 3435 ita
1081 3394 1151 3434 rem
1174 3370 1325 3456 agebant,
1351 3373 1424 3435 doc

354 3478 475 3541 trinam
498 3474 598 3540 solum
623 3486 784 3541 ostentare
810 3478 974 3560 volebant,
1004 3479 1062 3542 sed
1085 3479 1246 3564 putabant
1270 3479 1366 3542 etiam
1392 3501 1425 3542 se

355 3583 443 3648 haud
456 3605 560 3668 pauca
576 3584 874 3649 enumerationibus
889 3585 951 3649 illis
965 3585 1112 3649 conferre
1128 3586 1170 3649 ad
1186 3594 1300 3670 poetae
1312 3608 1424 3649 versus

354 3689 561 3754 illustrandos
585 3702 683 3775 atque
707 3691 939 3776 explanandos.
984 3692 1183 3777 lllagnopere
1207 3702 1315 3756 autem
1339 3715 1424 3756 erra·

353 3817 470 3872 remus,
488 3797 515 3858 si
534 3806 801 3862 commentatores
820 3799 900 3876 illos,
917 3821 995 3884 quos
1015 3807 1121 3862 aetate
1138 3797 1238 3862 multo
1257 3798 1425 3862 inferiores

354 3912 452 3988 poeta
475 3902 573 3966 fuisse
597 3904 775 3968 tenendum
798 3914 860 3983 est,
891 3908 1064 3991 quicquam
1095 3907 1176 3968 certi
1203 3906 1347 3991 proferre
1370 3928 1424 3990 po-

355 4011 455 4074 tuisse
483 4010 687 4074 crederemus
711 4012 751 4074 de
775 4012 927 4096 operibus
950 4012 991 4076 ab
1016 4010 1186 4097 Apollonio
1210 4036 1245 4076 re
1268 4035 1346 4076 vera
1369 4013 1424 4076 ad-

355 4114 475 4179 hibitis.
512 4115 576 4181 sed
596 4118 744 4202 quamvis
765 4140 863 4204 saepe
881 4130 1014 4183 utantur
1030 4119 1077 4182 illi
1091 4118 1307 4183 locutionibus
1323 4118 1424 4184 veluti

353 4214 557 4311 r'aoloddqra
587 4212 826 4305 Ἀπολλώνιος,
857 4226 1025 4313 παρέλαβε
1051 4221 1068 4290 ὃ
1091 4224 1235 4315 ποιητής
1255 4225 1424 4308 similibus,

354 4337 464 4391 tamen
489 4329 535 4391 nil
558 4329 647 4393 aliud
670 4329 741 4394 illos
765 4331 904 4396 voluisse
929 4343 1077 4417 apparet,
1105 4333 1168 4395 nisi
1195 4354 1248 4395 eos
1277 4343 1424 4396 auctores
