3284 5048
749 1572 877 1653 Vita.

371 1730 475 1794 Natus
492 1754 561 1794 sum
584 1730 783 1795 Aemilius
807 1731 965 1796 Ricardus
982 1733 1112 1799 Knorr
1134 1734 1168 1796 in
1188 1732 1350 1798 Saxoniae

283 1839 401 1923 oppido
434 1837 710 1922 Schwarzenberg
741 1862 825 1903 anno
861 1841 944 1906 1877
978 1863 1005 1903 a.
1042 1840 1071 1906 d.
1104 1842 1145 1905 V.
1180 1841 1254 1906 Kal.
1283 1840 1348 1909 Jul.

282 1955 375 2030 patre
408 1943 560 2026 Aemilio,
594 1953 697 2010 matre
733 1946 844 2009 Hulda
877 1970 894 2011 e
925 1957 1023 2030 gente
1048 1947 1169 2011 Martin
1203 1949 1348 2012 oriunda.

282 2050 443 2116 Addictus
467 2075 537 2115 sum
560 2051 638 2115 fidei
662 2051 881 2136 evangelicae.
928 2053 1125 2117 Litterarum
1159 2055 1350 2118 rudimentis

282 2156 426 2222 imbutus
450 2182 518 2221 suni
543 2159 578 2220 in
600 2160 726 2243 patriae
743 2158 829 2222 civili
854 2159 963 2224 schola
983 2160 1102 2224 selecta
1118 2184 1213 2246 quam
1233 2172 1351 2226 vocant

284 2276 316 2330 ot
343 2267 377 2328 in
405 2266 631 2350 progymnasio
666 2288 738 2329 cum
772 2289 812 2331 ea
842 2267 1022 2336 coniuncto.
1062 2269 1177 2353 Neque
1204 2268 1351 2353 polliceri

283 2395 347 2436 non
379 2395 510 2456 possum
542 2396 707 2458 mmquam
733 2396 784 2436 me
815 2374 1006 2438 destiturum
1042 2397 1109 2438 esse
1143 2387 1237 2458 grata
1274 2399 1351 2459 erga

284 2479 491 2562 Haertigium
508 2478 684 2560 voluntate,
708 2479 776 2542 ludi
793 2478 877 2543 illius
894 2480 1141 2563 moderatorem,
1159 2482 1213 2567 qui
1230 2482 1350 2566 primas

284 2584 419 2648 Latinas
444 2608 494 2647 me
518 2584 629 2649 docuit
645 2585 775 2649 litteras.
806 2587 885 2650 Inde
909 2610 928 2649 a
948 2587 1093 2671 paschali
1108 2597 1253 2673 tempore
1273 2589 1352 2652 anni

286 2694 371 2757 1890
396 2691 537 2776 scholam
567 2692 766 2756 'l'homanam
791 2694 992 2779 Lipsiensem
1020 2695 1242 2780 frequentavi,
1268 2719 1350 2781 quae

284 2799 422 2863 Aemilio
446 2799 637 2883 Jungmann
662 2812 787 2864 rectore
817 2800 923 2864 adhuc
956 2802 1054 2866 floret.
1101 2802 1240 2866 Ineunte
1272 2826 1351 2867 vere

285 2914 363 2968 anni
390 2907 474 2970 1896
503 2907 697 2969 maturitatis
726 2907 947 2970 testimonium
970 2910 1107 2992 adeptus
1137 2921 1352 2994 receptusque

284 3013 318 3074 in
346 3034 516 3075 numerum
549 3012 669 3076 civium
698 3013 956 3077 academicorum
985 3015 1200 3099 Lipsiensium
1238 3016 1352 3080 studiis

285 3118 454 3203 philologis
472 3119 546 3182 dedi
562 3141 702 3204 operam.
737 3119 846 3205 Atque
863 3121 1042 3185 docuerunt
1058 3144 1110 3185 me
1126 3123 1189 3185 viri
1205 3121 1351 3186 illustris·

286 3226 360 3289 simi
374 3226 572 3312 Brugmann,
587 3227 763 3303 Oichorius
775 3227 1014 3311 Gardthausen,
1031 3229 1169 3311 Heinze,
1186 3229 1351 3311 Immisch‚

284 3334 414 3413 Kaorst,
440 3335 645 3420 Lamprecht,
669 3335 810 3418 Lipsius,
834 3334 976 3416 MarckS,
1000 3336 1107 3418 Marx,
1131 3335 1254 3416 Ratzel,
1274 3335 1351 3400 Rib-

285 3438 371 3502 beck
386 3437 453 3526 (†),
486 3441 555 3503 Ric.
579 3441 708 3504 Richter
725 3439 792 3527 (ᾧ),
826 3440 1020 3526 Struenrpell
1037 3439 1104 3527 (†),
1139 3441 1351 3524 Studniczka,

286 3545 512 3627 Wachsmuth,
537 3548 673 3612 Wundt.

374 3653 602 3718 Proserninarii
626 3647 810 3740 philologici
839 3656 922 3740 regii
951 3655 1139 3719 moderante
1167 3655 1352 3720 Immisehio

286 3779 343 3842 per
367 3757 430 3821 duo
454 3761 622 3824 semestria
645 3761 692 3824 fui
716 3761 847 3845 sodalis3
882 3762 999 3825 deindo
1022 3761 1139 3846 Lipsii,
1167 3761 1351 3842 Ribbeekii,

287 3864 523 3930 Wachsmuthii
556 3867 756 3932 humanitate
788 3879 939 3953 receptus
971 3891 1040 3931 sum
1078 3869 1111 3931 in
1144 3869 1352 3932 seminarium

285 3971 529 4057 philologieurn,
558 3976 647 4037 cuius
672 3998 729 4059 per
760 3976 822 4040 tria
845 3977 1013 4040 semestria
1046 3974 1162 4038 sodalis
1192 3974 1239 4037 fui
1269 3976 1352 4039 ordi·

286 4080 406 4162 narius,
431 4100 488 4165 per
513 4081 575 4145 duo
600 4083 714 4146 senior.
763 4083 927 4147 Historico
960 4082 1130 4146 seminario
1161 4090 1193 4146 et
1216 4081 1351 4146 Wachs-

285 4187 399 4251 muthii
429 4186 514 4273 quod
545 4200 667 4272 septem
697 4190 864 4253 semestria
896 4191 1052 4252 interesse
1084 4187 1163 4251 mihi
1196 4188 1287 4252 licuit
1321 4198 1353 4251 et
