3284 5048
648 629 868 692 ..43-

310 806 376 872 Sed
398 805 479 871 haec
503 805 634 893 quidem
658 804 698 869 de
720 805 818 870 rebus
840 793 876 870 in'
897 805 1004 893 Mysia
1031 805 1135 870 factis.
1181 805 1290 893 Atque

219 914 281 978 hac
303 915 504 1000 potissimum
520 914 673 978 carminis
689 923 784 998 parte
801 915 985 977 accuratius
1010 914 1197 978 examinata
1213 921 1291 998 puto

219 1021 381 1107 intellegi,
410 1031 618 1108 quantopere.
665 1019 836 1105 Apollonio
869 1042 934 1084 non
967 1029 1119 1106 suppetat
1147 1043 1199 1085 ars
1228 1021 1291 1084 sin-

220 1128 312 1214 gulas
329 1152 382 1193 res
399 1137 474 1213 apte
490 1129 574 1191 inter
592 1149 626 1191 se
643 1126 862 1212 coniungendi
878 1128 936 1210 ita,
959 1136 995 1191 ut
1018 1129 1053 1190 in
1076 1150 1175 1191 unam
1199 1126 1291 1191 abso-

220 1235 387 1321 lutamque
410 1235 629 1299 narrationem
654 1244 779 1304 coeant.

310 1341 413 1406 Multo
437 1351 546 1406 autem
570 1341 697 1405 felicius
724 1342 813 1405 idem
840 1351 988 1406 versatus
1017 1352 1067 1406 est
1094 1342 1128 1405 in
1156 1341 1291 1427 singulis

221 1447 398 1513 minoribus
449 1447 643 1536 quibusdam
686 1448 936 1513 narratiunculis
989 1470 1063 1511 cum
1105 1448 1176 1512 aliis
1222 1458 1291 1513 tum

222 1556 384 1620 amatoriis
416 1555 583 1640 eleganter
615 1553 847 1618 adumbrandis
881 1565 980 1641 atque
1009 1554 1228 1640 expoliendis,
1257 1555 1292 1618 id

222 1663 308 1749 quod
331 1663 460 1726 omnino
483 1659 782 1725 Alexandrinorum
804 1672 974 1746 poetarum
998 1653 1167 1748 proprium
1194 1663 1292 1726 fuisse

129 1852 133 1860 Ι
221 1770 299 1833 satis
323 1778 457 1833 constat.
503 1768 576 1837 Hoc
600 1769 699 1833 etiam
722 1767 777 1831 illa
801 1768 840 1831 de
864 1768 971 1855 Mysia
995 1769 1146 1833 carminis
1161 1768 1291 1854 Apollo-

137 1939 139 1944 .
220 1876 312 1940 niani
326 1885 417 1961 parte
434 1875 594 1940 evincitur
609 1898 718 1962 neque
733 1877 1007 1960 praetermiserim
1027 1876 1070 1939 ad
1085 1876 1146 1940 hoc
1162 1899 1291 1963 quoque

222 1984 346 2047 animos
369 1984 556 2065 advertere,
581 2005 622 2046 ne
647 1982 687 2047 de
712 1983 800 2046 vitiis
828 1991 955 2046 tantum
983 1982 1067 2046 illius
1098 1984 1292 2046 narrationis

222 2090 326 2156 verba
359 2089 496 2154 faciam:
535 2088 608 2154 dico
645 2098 759 2174 poetae
791 2088 833 2153 de
865 2089 972 2175 Hylae
1012 2099 1110 2174 raptu
1146 2088 1293 2153 fabulam

183 2217 188 2225 ·
223 2197 268 2285 (v.
294 2200 378 2264 1221
404 2199 496 2284 sqq.).

215 2288 217 2294 i
311 2305 422 2391 Atque
449 2303 641 2368 Knaackius
668 2312 830 2388 postrema
858 2304 957 2367 etiam
986 2302 1026 2367 de
1054 2301 1118 2367 hac
1147 2326 1182 2367 re
1211 2325 1294 2367 com.-

223 2413 420 2477 mentatione
466 2402 636 2495 (Gotting.
682 2411 745 2494 gel.
792 2400 972 2495 Anaeigen³
1020 2433 1049 2473 a.
1084 2409 1104 2475 l.
1139 2432 1170 2495 p.
1216 2411 1292 2490 885)

222 2517 365 2583 Tuerkio
393 2518 583 2582 adversatus
610 2515 697 2580 nullo
725 2518 795 2580 iure
818 2516 1026 2602 Apollonium
1054 2525 1188 2602 propter
1212 2515 1293 2579 illud

224 2625 355 2710 quidem
376 2624 456 2689 mihi
479 2624 610 2692 videtur
634 2625 818 2708 castigasse.
856 2624 929 2709 Ego
949 2646 1080 2709 prorsus
1103 2624 1156 2688 hic
1173 2624 1293 2687 faciam

222 2755 295 2797 cum
318 2731 471 2811 Tuerkio‚
487 2732 542 2818 qui
558 2754 590 2817 p.
608 2732 651 2796 23
671 2729 757 2796 hanc
772 2729 981 2816 Apolloniani
998 2733 1151 2796 carminis
1166 2740 1291 2817 partem

221 2850 307 2906 certe
330 2840 431 2904 multo
454 2839 573 2903 rectius
596 2837 767 2903 intellexit.
